@book{xiu2010numerical,
title={Numerical methods for stochastic computations: a spectral method approach},
author={Xiu, Dongbin},
year={2010},
publisher={Princeton University Press}
}
@book{li2006numerical,
	title={数值分析},
	author={李庆阳，王能超，易大义},
	year={2006},
	publisher={华中科技大学出版社},
	edition ={第四版}
}
@book{xia2009real,
	title={实变函数论与泛函分析},
	author={夏道行，吴卓人，严绍宗，舒五昌},
	year={2009},
	publisher={高等教育出版社},
	edition ={第二版}
}