@article{xiu2002wiener,
  title={The Wiener--Askey polynomial chaos for stochastic differential equations},
  author={Xiu, Dongbin and Karniadakis, George Em},
  journal={SIAM journal on scientific computing},
  volume={24},
  number={2},
  pages={619--644},
  year={2002},
  publisher={SIAM}
}